@Article{lei,
author = {Tao Lei et al.},
title = {A pattern tree-based approach to learning URL normalization rules},
journal = {Proceedings of the 19th International Conference on World Wide Web, WWW '10},
year = {2010}
}

@Article{abdallah,
author = {Abdallah, Tarek Amr and De La Iglesia, Beatriz},
title = {URL-based Web page classification: A new method for URL-based web page classification using n-gram language models},
journal = {KDIR 2014 - Proceedings of the International Conference on Knowledge Discovery and Information Retrieval},
year = {2014}
}

@Article{morichetta,
author = {Andrea Morichetta et al.},
title = {CLUE: Clustering for mining web URLs},
journal = {Politecnico de Milano},
year = {2016}
}
